     @article{refail,
     author = {Alizade, R. And Toksoy, E.},
     title  = {Cofinitely Weak Supplemented Lattices, Indian Journal of Pure},
     volume = {40:5},
     edition = {Second},
     year   = 2009,
     location = {Cambridge},
     pages = {337-346}
     }

     @book{calugeranu,
     author = {C\v{a}lug\v{a}reanu, G.},
     title  = {Lattice Concepts of Module Theory},
     pagetotal = {225},
     year = 2000,
     location = {London},
     publisher = {Kluwer Academic Publisher}
     }

     @article{nebiyev,
     author = {Birkenmeier, G. F. and Mutlu, F. T. and Nebiyev, C. and Sökmez, N. and Tercan, A.},
     title   = {Goldie Supplemented Modules},
     journal = {Glasgow Mathematical Journal},
     year = 2010,
     volume  = {52A},
     pages   = {41--52}
     }

     @phdthesis{toksoy,
     author  = {Toksoy, S. E.},
     title   = {Kafeslerde Tümleyenler},
     year    = "2008",
     type = {Doktora Tezi},
     institution = {Ege Üniversitesi-Fen Bilimleri Enstitüsü},
     }
